<?xml version="1.0" encoding="UTF-8"?>
<record xmlns="http://www.loc.gov/MARC21/slim" xmlns:xsi="http://www.w3.org/2001/XMLSchema-instance" xsi:schemaLocation="http://www.loc.gov/MARC21/slim http://www.loc.gov/standards/marcxml/schema/MARC21slim.xsd">
<leader>00000cam a22      i 4500</leader>
<controlfield tag="001">001678868</controlfield>
<controlfield tag="003">NNU</controlfield>
<controlfield tag="005">20151016165308.0</controlfield>
<controlfield tag="008">890402s1911    ua            000 0 arar</controlfield>
<datafield tag="010" ind1=" " ind2=" ">
<subfield code="a">ne 68000350</subfield>
</datafield>
<datafield tag="035" ind1=" " ind2=" ">
<subfield code="a">(OCoLC)23519747</subfield>
</datafield>
<datafield tag="040" ind1=" " ind2=" ">
<subfield code="a">DLC</subfield>
<subfield code="b">eng</subfield>
<subfield code="c">EYM</subfield>
<subfield code="d">OCLCQ</subfield>
<subfield code="d">OCLCF</subfield>
<subfield code="d">OCLCQ</subfield>
<subfield code="d">OCLCO</subfield>
<subfield code="d">NNU</subfield>
</datafield>
<datafield tag="050" ind1=" " ind2="4">
<subfield code="a">DS215</subfield>
<subfield code="b">R87 1911</subfield>
</datafield>
<datafield tag="050" ind1="0" ind2="0">
<subfield code="a">DS215</subfield>
<subfield code="b">R87</subfield>
</datafield>
<datafield tag="100" ind1="1" ind2=" ">
<subfield code="6">880-01</subfield>
<subfield code="a">Rushdī, Muḥammad.</subfield>
</datafield>
<datafield tag="245" ind1="1" ind2="0">
<subfield code="6">880-02</subfield>
<subfield code="a">Madanīyat al-ʻArab fī al-Jāhilīyah wa-al-Islām :</subfield>
<subfield code="b">huwa kitāb tārīkhī adabī akhlāqī siyāsī yadullu ʻalá mā lil-ʻArab min al-faḍl ʻalá al-umam fī al-ʻulūm wa-al-funūn wa-al-ṣināʼiʻ wa-al-siyāsah al-madanīyah /</subfield>
<subfield code="c">taʼlīf Muḥammad Rushdī.</subfield>
</datafield>
<datafield tag="260" ind1=" " ind2=" ">
<subfield code="6">880-03</subfield>
<subfield code="a">Miṣr :</subfield>
<subfield code="b">Maṭbaʻat al-Saʻadah,</subfield>
<subfield code="c">1911.</subfield>
</datafield>
<datafield tag="300" ind1=" " ind2=" ">
<subfield code="a">200, 6 pages</subfield>
<subfield code="c">25 cm</subfield>
</datafield>
<datafield tag="336" ind1=" " ind2=" ">
<subfield code="a">text</subfield>
<subfield code="b">txt</subfield>
<subfield code="2">rdacontent</subfield>
</datafield>
<datafield tag="337" ind1=" " ind2=" ">
<subfield code="a">unmediated</subfield>
<subfield code="b">n</subfield>
<subfield code="2">rdamedia</subfield>
</datafield>
<datafield tag="338" ind1=" " ind2=" ">
<subfield code="a">volume</subfield>
<subfield code="b">nc</subfield>
<subfield code="2">rdacarrier</subfield>
</datafield>
<datafield tag="650" ind1=" " ind2="0">
<subfield code="a">Civilization, Arab.</subfield>
</datafield>
<datafield tag="650" ind1=" " ind2="7">
<subfield code="a">Civilization, Arab.</subfield>
<subfield code="2">fast</subfield>
<subfield code="0">(OCoLC)fst00862967.</subfield>
</datafield>
<datafield tag="776" ind1="0" ind2="8">
<subfield code="i">Online version:</subfield>
<subfield code="a">Rushdī, Muḥammad.</subfield>
<subfield code="t">Madanīyat al-ʻArab fī al-Jāhilīyah wa-al-Islām.</subfield>
<subfield code="d">Miṣr : [Al-Maktabah al-Ahlīyah], 1911</subfield>
<subfield code="w">(OCoLC)576594964</subfield>
</datafield>
<datafield tag="880" ind1="1" ind2=" ">
<subfield code="6">100-01/</subfield>
<subfield code="a">‏رشدي، محمد.</subfield>
</datafield>
<datafield tag="880" ind1="1" ind2="0">
<subfield code="6">245-02/</subfield>
<subfield code="a">‏مدنية العرب في الجاهلية والإسلام /‏</subfield>
<subfield code="c">‏تأليف محمد رشدي.</subfield>
</datafield>
<datafield tag="880" ind1=" " ind2=" ">
<subfield code="6">260-03/</subfield>
<subfield code="a">‏مصر :‏</subfield>
<subfield code="b">‏مطبعة السعادة،‏</subfield>
<subfield code="c">‏1911.</subfield>
</datafield>
<datafield tag="OWN" ind1=" " ind2=" ">
<subfield code="a">GENERAL</subfield>
</datafield>
<datafield tag="AVA" ind1=" " ind2=" ">
<subfield code="a">NYU50</subfield>
<subfield code="b">BOBST</subfield>
<subfield code="c">Main Collection</subfield>
<subfield code="d">DS215 .R8</subfield>
<subfield code="e">unavailable</subfield>
<subfield code="t">Unavailable</subfield>
<subfield code="f">1</subfield>
<subfield code="g">1</subfield>
<subfield code="h">N</subfield>
<subfield code="i">0</subfield>
<subfield code="j">MAIN</subfield>
<subfield code="k">0</subfield>
</datafield>
</record>
